% This file was created with JabRef 2.10.
% Encoding: UTF-8


@Article{Bekenstein1980,
  Title                    = {Black-hole thermodynamics},
  Author                   = {Bekenstein, Jacob D.},
  Journal                  = {Physics Today},
  Year                     = {1980},
  Number                   = {1},
  Pages                    = {24},
  Volume                   = {33},

  Doi                      = {10.1063/1.2913906},
  ISSN                     = {0031-9228},
  Owner                    = {yfwang},
  Publisher                = {AIP Publishing},
  Timestamp                = {2016.12.21},
  Url                      = {http://dx.doi.org/10.1063/1.2913906}
}

@Article{Bekenstein1973,
  Title                    = {Black Holes and Entropy},
  Author                   = {Bekenstein, Jacob D.},
  Journal                  = {Physical Review D},
  Year                     = {1973},

  Month                    = {Apr},
  Number                   = {8},
  Pages                    = {2333–2346},
  Volume                   = {7},

  Doi                      = {10.1103/physrevd.7.2333},
  ISSN                     = {0556-2821},
  Owner                    = {yfwang},
  Publisher                = {American Physical Society (APS)},
  Timestamp                = {2016.12.21},
  Url                      = {http://dx.doi.org/10.1103/PhysRevD.7.2333}
}

@Article{Callan1992,
  Title                    = {Evanescent black holes},
  Author                   = {Callan, Curtis G. and Giddings, Steven B. and Harvey, Jeffrey A. and Strominger, Andrew},
  Journal                  = {Physical Review D},
  Year                     = {1992},

  Month                    = {Feb},
  Number                   = {4},
  Pages                    = {R1005–R1009},
  Volume                   = {45},

  Doi                      = {10.1103/physrevd.45.r1005},
  ISSN                     = {0556-2821},
  Owner                    = {yfwang},
  Publisher                = {American Physical Society (APS)},
  Timestamp                = {2016.12.21},
  Url                      = {http://dx.doi.org/10.1103/PhysRevD.45.R1005}
}

@Article{Candelas1980,
  Title                    = {Vacuum polarization in Schwarzschild spacetime},
  Author                   = {Candelas, P.},
  Journal                  = {Physical Review D},
  Year                     = {1980},

  Month                    = {Apr},
  Number                   = {8},
  Pages                    = {2185–2202},
  Volume                   = {21},

  Doi                      = {10.1103/physrevd.21.2185},
  ISSN                     = {0556-2821},
  Owner                    = {yfwang},
  Publisher                = {American Physical Society (APS)},
  Timestamp                = {2016.12.21},
  Url                      = {http://dx.doi.org/10.1103/PhysRevD.21.2185}
}

@Article{Davies1975,
  Title                    = {Scalar production in Schwarzschild and Rindler metrics},
  Author                   = {Davies, P C W},
  Journal                  = {Journal of Physics A: Mathematical and General},
  Year                     = {1975},

  Month                    = {Apr},
  Number                   = {4},
  Pages                    = {609–616},
  Volume                   = {8},

  Doi                      = {10.1088/0305-4470/8/4/022},
  ISSN                     = {1361-6447},
  Owner                    = {yfwang},
  Publisher                = {IOP Publishing},
  Timestamp                = {2016.12.21},
  Url                      = {http://dx.doi.org/10.1088/0305-4470/8/4/022}
}

@Article{Demers1996,
  Title                    = {Decoherence of black holes by Hawking radiation},
  Author                   = {Demers, Jean-Guy and Kiefer, Claus},
  Journal                  = {Physical Review D},
  Year                     = {1996},

  Month                    = {Jun},
  Number                   = {12},
  Pages                    = {7050–7061},
  Volume                   = {53},
  Doi                      = {10.1103/physrevd.53.7050},
  ISSN                     = {1089-4918},
  Owner                    = {yfwang},
  Publisher                = {American Physical Society (APS)},
  Timestamp                = {2016.12.21},
  Url                      = {http://dx.doi.org/10.1103/PhysRevD.53.7050}
}

@Book{Frolov1998,
  Title                    = {Black Hole Physics},
  Author                   = {Frolov, Valeri P. and Novikov, Igor D.},
  Publisher                = {Springer Nature},
  Year                     = {1998},

  Doi                      = {10.1007/978-94-011-5139-9},
  ISBN                     = {http://id.crossref.org/isbn/978-94-011-5139-9},
  Owner                    = {yfwang},
  Timestamp                = {2016.12.21},
  Url                      = {http://dx.doi.org/10.1007/978-94-011-5139-9}
}

@Article{Fulling1973,
  Title                    = {Nonuniqueness of Canonical Field Quantization in Riemannian Space-Time},
  Author                   = {Fulling, Stephen A.},
  Journal                  = {Physical Review D},
  Year                     = {1973},

  Month                    = {May},
  Number                   = {10},
  Pages                    = {2850–2862},
  Volume                   = {7},

  Doi                      = {10.1103/physrevd.7.2850},
  ISSN                     = {0556-2821},
  Owner                    = {yfwang},
  Publisher                = {American Physical Society (APS)},
  Timestamp                = {2016.12.21},
  Url                      = {http://dx.doi.org/10.1103/PhysRevD.7.2850}
}

@Article{Hawking1976,
  Title                    = {Breakdown of predictability in gravitational collapse},
  Author                   = {Hawking, S. W.},
  Journal                  = {Physical Review D},
  Year                     = {1976},

  Month                    = {Nov},
  Number                   = {10},
  Pages                    = {2460–2473},
  Volume                   = {14},

  Doi                      = {10.1103/physrevd.14.2460},
  ISSN                     = {0556-2821},
  Owner                    = {yfwang},
  Publisher                = {American Physical Society (APS)},
  Timestamp                = {2016.12.21},
  Url                      = {http://dx.doi.org/10.1103/PhysRevD.14.2460}
}

@Article{Hawking1975,
  Title                    = {Particle creation by black holes},
  Author                   = {Hawking, S. W.},
  Journal                  = {Communications In Mathematical Physics},
  Year                     = {1975},

  Month                    = {Aug},
  Number                   = {3},
  Pages                    = {199–220},
  Volume                   = {43},

  Doi                      = {10.1007/bf02345020},
  ISSN                     = {1432-0916},
  Owner                    = {yfwang},
  Publisher                = {Springer Nature},
  Timestamp                = {2016.12.21},
  Url                      = {http://dx.doi.org/10.1007/BF02345020}
}

@Article{HAWKING1974,
  Title                    = {Black hole explosions?},
  Author                   = {Hawking, S. W.},
  Journal                  = {Nature},
  Year                     = {1974},

  Month                    = {Mar},
  Number                   = {5443},
  Pages                    = {30–31},
  Volume                   = {248},

  Doi                      = {10.1038/248030a0},
  ISSN                     = {0028-0836},
  Owner                    = {yfwang},
  Publisher                = {Springer Nature},
  Timestamp                = {2016.12.21},
  Url                      = {http://dx.doi.org/10.1038/248030a0}
}

@Book{Mann2015,
  Title                    = {Black Holes: Thermodynamics, Information, and Firewalls},
  Author                   = {Mann, Robert B.},
  Publisher                = {Springer International Publishing},
  Year                     = {2015},

  __markedentry            = {[yfwang:6]},
  Doi                      = {10.1007/978-3-319-14496-2},
  ISBN                     = {http://id.crossref.org/isbn/978-3-319-14496-2},
  ISSN                     = {2191-5431},
  Journal                  = {SpringerBriefs in Physics},
  Owner                    = {yfwang},
  Timestamp                = {2017.01.05},
  Url                      = {http://dx.doi.org/10.1007/978-3-319-14496-2}
}

@Article{Mathur2009,
  Title                    = {The information paradox: a pedagogical introduction},
  Author                   = {Mathur, Samir D},
  Journal                  = {Classical and Quantum Gravity},
  Year                     = {2009},

  Month                    = {Oct},
  Number                   = {22},
  Pages                    = {224001},
  Volume                   = {26},

  __markedentry            = {[yfwang:]},
  Doi                      = {10.1088/0264-9381/26/22/224001},
  ISSN                     = {1361-6382},
  Owner                    = {yfwang},
  Publisher                = {IOP Publishing},
  Timestamp                = {2017.01.04},
  Url                      = {http://dx.doi.org/10.1088/0264-9381/26/22/224001}
}

@Article{Page1993,
  Title                    = {Information in black hole radiation},
  Author                   = {Page, Don N.},
  Journal                  = {Physical Review Letters},
  Year                     = {1993},

  Month                    = {Dec},
  Number                   = {23},
  Pages                    = {3743–3746},
  Volume                   = {71},

  Doi                      = {10.1103/physrevlett.71.3743},
  ISSN                     = {0031-9007},
  Owner                    = {yfwang},
  Publisher                = {American Physical Society (APS)},
  Timestamp                = {2016.12.21},
  Url                      = {http://dx.doi.org/10.1103/PhysRevLett.71.3743}
}

@Book{parker2009quantum,
  Title                    = {Quantum Field Theory in Curved Spacetime: Quantized Fields and Gravity},
  Author                   = {Parker, L. and Toms, D.},
  Publisher                = {Cambridge University},
  Year                     = {2009},
  Series                   = {Cambridge Monographs on Mathematical Physics},

  ISBN                     = {9780521877879},
  Lccn                     = {2008051193},
  Owner                    = {yfwang},
  Timestamp                = {2016.12.21},
  Url                      = {https://books.google.de/books?id=ze5ojgEACAAJ}
}

@Book{susskind2008black,
  Title                    = {The Black Hole War: My Battle with Stephen Hawking to Make the World Safe for Quantum Mechanics},
  Author                   = {Susskind, L.},
  Publisher                = {Hachette},
  Year                     = {2008},

  ISBN                     = {9780316032698},
  Owner                    = {yfwang},
  Timestamp                = {2016.12.20},
  Url                      = {https://books.google.de/books?id=RZU0AQAAQBAJ}
}

@Article{Unruh1976,
  Title                    = {Notes on black-hole evaporation},
  Author                   = {Unruh, W. G.},
  Journal                  = {Physical Review D},
  Year                     = {1976},

  Month                    = {Aug},
  Number                   = {4},
  Pages                    = {870–892},
  Volume                   = {14},

  Doi                      = {10.1103/physrevd.14.870},
  ISSN                     = {0556-2821},
  Owner                    = {yfwang},
  Publisher                = {American Physical Society (APS)},
  Timestamp                = {2016.12.21},
  Url                      = {http://dx.doi.org/10.1103/PhysRevD.14.870}
}

