% Encoding: UTF-8

@Article{Dabrowski2006,
  author    = {Mariusz P. D{\k{a}}browski and Claus Kiefer and Barbara Sandh√∂fer},
  title     = {Quantum phantom cosmology},
  journal   = {Physical Review D},
  year      = {2006},
  volume    = {74},
  number    = {4},
  month     = {aug},
  doi       = {10.1103/PhysRevD.74.044022},
  publisher = {American Physical Society ({APS})},
}

@Article{Dunster1990,
  author    = {T. M. Dunster},
  title     = {Bessel Functions of Purely Imaginary Order, with an Application to Second-Order Linear Differential Equations Having a Large Parameter},
  journal   = {{SIAM} Journal on Mathematical Analysis},
  year      = {1990},
  volume    = {21},
  number    = {4},
  pages     = {995--1018},
  month     = {jul},
  doi       = {10.1137/0521055},
  owner     = {yfwang},
  publisher = {Society for Industrial {\&} Applied Mathematics ({SIAM})},
  timestamp = {2017.12.06},
}

@Misc{NIST:DLMF,
  title        = {{\it NIST Digital Library of Mathematical Functions}},
  howpublished = {http://dlmf.nist.gov/, Release 1.0.16 of 2017-09-18},
  note         = {F.~W.~J. Olver, A.~B. {Olde Daalhuis}, D.~W. Lozier, B.~I. Schneider, R.~F. Boisvert, C.~W. Clark, B.~R. Miller and B.~V. Saunders, eds.},
  key          = {{\relax DLMF}},
  url          = {http://dlmf.nist.gov/},
}

@Comment{jabref-meta: databaseType:bibtex;}
